<?xml version="1.0" encoding="UTF-8"?><collection xmlns="http://www.loc.gov/MARC21/slim"><record><leader>00314nam--2200121-i-4500</leader><controlfield tag="001">000030647</controlfield><controlfield tag="002">20161230</controlfield><controlfield tag="005">20161230201038</controlfield><controlfield tag="008">060222s1000------------r-----000-0-eng-d</controlfield><datafield ind1=" " ind2=" " tag="080"><subfield code="a">543.53(061.3):541.28(061.3)</subfield></datafield><datafield ind1=" " ind2=" " tag="245"><subfield code="a">Michigan, ann arbor science publ.inc., 1980, xii + 424p</subfield></datafield><datafield ind1=" " ind2=" " tag="700"><subfield code="a">Lyon, W. S</subfield></datafield><datafield ind1=" " ind2=" " tag="852"><subfield code="a">47909</subfield></datafield></record></collection>